<?xml version="1.0" encoding="UTF-8"?><record xmlns="http://www.loc.gov/MARC21/slim" xmlns:cinclude="http://apache.org/cocoon/include/1.0" xmlns:zs="http://www.loc.gov/zing/srw/">
  <leader>00428cz  a2200145n  4500</leader>
  <controlfield tag="001">no 98087996 </controlfield>
  <controlfield tag="003">DLC</controlfield>
  <controlfield tag="005">20120526075036.0</controlfield>
  <controlfield tag="008">980528n| acannaabn          |n aaa     c</controlfield>
  <datafield tag="010" ind1=" " ind2=" ">
    <subfield code="a">no 98087996 </subfield>
  </datafield>
  <datafield tag="035" ind1=" " ind2=" ">
    <subfield code="a">(OCoLC)oca04738687</subfield>
  </datafield>
  <datafield tag="040" ind1=" " ind2=" ">
    <subfield code="a">NmU</subfield>
    <subfield code="c">NmU</subfield>
    <subfield code="d">DLC</subfield>
  </datafield>
  <datafield tag="053" ind1=" " ind2="0">
    <subfield code="a">ML420.B1826</subfield>
    <subfield code="c">Biography</subfield>
  </datafield>
  <datafield tag="100" ind1="1" ind2=" ">
    <subfield code="a">Barroso, Pedro,</subfield>
    <subfield code="d">1950-</subfield>
  </datafield>
  <datafield tag="670" ind1=" " ind2=" ">
    <subfield code="a">Cantos falados, 1996:</subfield>
    <subfield code="b">t.p. (Pedro Barroso) p. 5-7 (b. 1950 in Lisbon; singer, songwriter)</subfield>
  </datafield>
</record>